@article{ashby2010opportunities,
    author = {Ashby, Steve and Beckman, Pete and Chen, Jackie and Colella, Phil and Collins, Bill and Crawford, Dona and Dongarra, Jack and Kothe, Doug and Lusk, Rusty and Messina, Paul and Others},
    citeulike-article-id = {12518713},
    journal = {summary report of the advanced scientific computing advisory committee (ASCAC) subcommittee at the US Department of Energy Office of Science},
    keywords = {doe, energy},
    posted-at = {2013-07-22 08:38:43},
    priority = {2},
    title = {{The opportunities and challenges of exascale computing}},
    year = {2010}
}


@misc{BlueJoule,
  note =       "See {\texttt http://community.hartree.stfc.ac.uk/wiki/site/admin/resources.html}",
}



@article{DAFT,
author = "I.J. Bush and I.T. Todorov and W. Smith",
title = "A {D}{A}{F}{T} {D}{L}\_{P}{O}{L}{Y} distributed memory adaptation of the {S}moothed {P}article {M}esh {E}wald method ",
journal = "Computer Physics Communications ",
volume = "175",
number = "5",
pages = "323 - 329",
year = "2006",
note = "",
issn = "0010-4655",
doi = "http://dx.doi.org/10.1016/j.cpc.2006.05.001",
url = "http://www.sciencedirect.com/science/article/pii/S0010465506001901",
keywords = "DL_POLY",
keywords = "DAFT",
keywords = "3D FFT",
keywords = "Molecular dynamics",
keywords = "Parallel software "
}


@article{EwaldSum,
author = { Jiri   Kolafa  and  John W.   Perram },
title = {Cutoff Errors in the Ewald Summation Formulae for Point Charge Systems},
journal = {Molecular Simulation},
volume = {9},
number = {5},
pages = {351-368},
year = {1992},

}



@unpublished{DL_POLY_manual,
  author =   "I.T. Todorov and W. Smith",
  title =        "THE {D}{L}\_{P}{O}{L}{Y}\_4 {U}SER {M}ANUAL (Version 4.08)",
  year =         "March 2016"

}


@unpublished{FFTE,
  author =   "D. Takahashi",
  title =        "F{F}{T}{E}: {A} {F}ast {F}ourier {T}ransform {P}ackage",
  year =         "2014",
  note = {\url{http://www.ffte.jp/}}

}

@unpublished{FFTW,
  author =   "Frigo, Matteo and Johnson, Steven~G.",
  title =        "F{F}{T}{W}",
  year =         "2018",
  note = {\url{http://www.fftw.org/}}

}


@techreport{JTCBGQ2016,
author = {Byrne, Thomas and Mawson, Mark and Taylor, Andrew D. and Thorne, H. Sue}, 
title = {Energy consumption of the {J}acobi {T}est Code on the {B}lue {G}ene/{Q}: does using single precision reduce energy consumption?}, 
year = {2016},
instituition = {STFC Rutherford Appleton Laboratory},
note =  {http://purl.org/net/epubs/work/24764929 },
number = {RAL-TR-2016-005}
}

@misc{Hartree,
  note =       "See {\texttt http://www.hartree.stfc.ac.uk/hartree/}",
}

@misc{Test:Florida,
   author = "T. Davis",
   title = "The {U}niversity of {F}lorida {S}parse {M}atrix {C}ollection",
   institution = "University of Florida",
   year = "2007",
   note = "http://www.cise.ufl.edu/davis/techreports/matrices.pdf",
}

@inproceedings{LangerEnergyTimeTradeoff,
  author    = {Akhil Langer and Harshit Dokania and Laxmikant V. Kale and Udatta S. Palekar},
  title     = {Analyzing Energy-Time Tradeoff in Power Overprovisioned HPC Data Centers},
  booktitle = {2015 {IEEE} International Parallel {\&} Distributed Processing
               Symposium Workshops, Hyderabad, India, May 25-29, 2015},
  year      = {2015}
}

@unpublished{hsl:2013,
  author =   "H{S}{L}",
  title =        "A collection of {F}ortran codes for large-scale scientific
  computation",
  year =         "2013",
  note = {\url{http://www.hsl.rl.ac.uk/}}

}

@article{HSL_MA79,
 author = {Hogg, J. D. and Scott, J. A.},
 title = {A Fast and Robust Mixed-precision Solver for the Solution of Sparse Symmetric Linear Systems},
 journal = {ACM Trans. Math. Softw.},
 issue_date = {April 2010},
 volume = {37},
 number = {2},
 month = apr,
 year = {2010},
 issn = {0098-3500},
 pages = {17:1--17:24},
 articleno = {17},
 numpages = {24},
 url = {http://doi.acm.org/10.1145/1731022.1731027},
 doi = {10.1145/1731022.1731027},
 acmid = {1731027},
 publisher = {ACM},
 address = {New York, NY, USA},
 keywords = {FGMRES, Fortran 95, Gaussian elimination, iterative refinement, mixed precision, multifrontal method, sparse symmetric linear systems},
} 


@techreport{JTC2015,
author = {Anton, Lucian and Mawson, Mark and Taylor, Andrew D. and Szeremi, Vendel}, 
title = {Performance profiles with {J}acobi {T}est C{}ode suite}, 
year = {2015},
instituition = {STFC Daresbury Laboratory},
note =  {http://purl.org/net/epubs/work/12145766} 
}


@unpublished{MKL,
  author =   "Intel",
  title =        "M{K}{L}: {M}ath {K}ernel {L}ibrary",
  year =         "2018",
  note = {\url{https://software.intel.com/en-us/mkl}}

}

@article{MP_FFT,
author = {Shuhan Qi and Shaohuai Shi and Xuan Wang },
title = {Mixed {P}recision {M}ethod for {G}{P}{U}-based {F}{F}{T}},
journal = {2013 IEEE 16th International Conference on Computational Science and Engineering},
volume = {00},
number = {undefined},
issn = {},
year = {2011},
pages = {580-586},
doi = {doi.ieeecomputersociety.org/10.1109/CSE.2011.103},
publisher = {IEEE Computer Society},
address = {Los Alamitos, CA, USA},
}

@misc{Napier,
  note =       "See {\texttt http://community.hartree.stfc.ac.uk/wiki/site/admin/resources.html}",
}

@article{P3DFFT,
  author =   "D. Pekurovsky",
  title =        "P3{D}{F}{F}{T}: a framework for parallel computations of {F}ourier transforms in three dimensions",
journal = {SIAM Journal on Scientific Computing},
volume = {34},
number = {4},
pages = {192-209},
year = {2012},
  note = {\url{https://www.p3dfft.net/}}

}

@article{TAU,
    author = {Shende, Sameer S. and Malony, Allen D.},
    journal = {International Journal of High Performance Computing Applications},
    keywords = {computer\_science, tau},
    month = may,
    number = {2},
    pages = {287--311},
    publisher = {SAGE Publications},
    title = {{The T{A}{U} Parallel Performance System}},
    volume = {20},
    year = {2006}
}


@article {DLPOLY3,
	author = {Smith, W. and Todorov, I. T.},
	title = {{D}{L}\_{P}{O}{L}{Y}\_3: the {C}{C}{P}5 national {U}{K} code for molecular{\textendash}dynamics simulations},
	volume = {362},
	number = {1822},
	pages = {1835--1852},
	year = {2004},
	doi = {10.1098/rsta.2004.1419},
	publisher = {The Royal Society},
	journal = {Philosophical Transactions of the Royal Society of London A: Mathematical, Physical and Engineering Sciences}
}
